<?xml version="1.0" encoding="UTF-8"?><record xmlns="http://www.loc.gov/MARC21/slim" xmlns:cinclude="http://apache.org/cocoon/include/1.0" xmlns:zs="http://www.loc.gov/zing/srw/">
  <leader>00452nz  a2200133n  4500</leader>
  <controlfield tag="001">n  92001021 </controlfield>
  <controlfield tag="003">DLC</controlfield>
  <controlfield tag="005">19920106104201.3</controlfield>
  <controlfield tag="008">920106n| acannaab|          |a ana |||  </controlfield>
  <datafield tag="010" ind1=" " ind2=" ">
    <subfield code="a">n  92001021 </subfield>
  </datafield>
  <datafield tag="040" ind1=" " ind2=" ">
    <subfield code="a">DLC</subfield>
    <subfield code="c">DLC</subfield>
  </datafield>
  <datafield tag="110" ind1="2" ind2="0">
    <subfield code="a">Midwest Agribusiness Trade Research and Information Center</subfield>
  </datafield>
  <datafield tag="410" ind1="2" ind2="0">
    <subfield code="a">MATRIC</subfield>
  </datafield>
  <datafield tag="670" ind1=" " ind2=" ">
    <subfield code="a">Meat marketing in Taiwan, c1989:</subfield>
    <subfield code="b">t.p. (MATRIC: Midwest Agribusiness Trade Research and Information Center, Des Moines and Ames, Iowa)</subfield>
  </datafield>
</record>